/home/alexis/Documents/books/bib/bibtex/info.bib